<?xml version="1.0" encoding="UTF-8"?><collection xmlns="http://www.loc.gov/MARC21/slim"><record><leader>00462nam--2200157-i-4500</leader><controlfield tag="001">000007114</controlfield><controlfield tag="002">20161230</controlfield><controlfield tag="005">20170126235630</controlfield><controlfield tag="008">060222s1000------------r-----000-0-eng-d</controlfield><datafield ind1=" " ind2=" " tag="100"><subfield code="a">Casarelli, G</subfield></datafield><datafield ind1=" " ind2=" " tag="245"><subfield code="a">Detector for high neutron flux measurements ba sed on direct beta collections</subfield></datafield><datafield ind1=" " ind2=" " tag="260"><subfield code="a">Saluggia (Vercelli)</subfield><subfield code="b">Centro Ricerche Nucleari</subfield></datafield><datafield ind1=" " ind2=" " tag="300"><subfield code="a">431-434 p</subfield></datafield><datafield ind1=" " ind2=" " tag="490"><subfield code="a">Energia Nucleare, 10/1963</subfield></datafield><datafield ind1=" " ind2=" " tag="852"><subfield code="a">21028</subfield></datafield><datafield ind1=" " ind2=" " tag="CAT"><subfield code="a">SYS</subfield><subfield code="c">20170126</subfield><subfield code="h">235630</subfield></datafield></record></collection>